
@onlynote{patent1,
  note = "王海，杨钦惠，郭宪章，黄乐天．一种基于GAN网络的GPU全片温度分布估计方法[P]. 中国，发明专利，202211486574.5，2022年11月24日"
}

@onlynote{patent2,
  note = "王海，杨钦惠，陈嘉轩．一种非均匀分段线性化激活函数硬件实现方法[P]. 中国，发明专利，202310273355.7，2023年3月20日"
}

@onlynote{patent3,
  note = "王海，杨钦惠，胡强．一种三维同构暗硅多核芯片系统的功率预算方法[P]. 中国，发明专利，202310270469.6，2023年3月20日"
}

@onlynote{patent4,
  note = "王海，杨钦惠，郭锦程．一种考虑热效应的三维同构暗硅多核芯片系统的选核方法[P]. 中国，发明专利，202310273364.6，2023年3月20日"
}

@onlynote{wanghe,
  note = {Wang H, He W, Yang Q, et al. DBP: Distributed Power Budgeting for Many-Core Systems in Dark Silicon[J]. 
	  IEEE Transactions on Computer-Aided Design of Integrated Circuits and Systems. 2022, 41(12): 5727-5731. (SCI, CCF A类期刊) 
  }
}

