@string{iccad = "Proc. Int. Conf. on Computer Aided Design (ICCAD)"}
@string{dac = "Proc. Design Automation Conf. (DAC)"}
@string{eurodac = "Proc. European Design Automation Conf."}
@string{date = "Proc. Design, Automation and Test in Europe Conf. (DATE)"}
@string{aspdac = "Proc. Asia South Pacific Design Automation Conf. (ASP-DAC)"}
@string{iccd = "Proc. IEEE Int. Conf. on Computer Design (ICCD)"}
@string{ispd = "Proc.  Int. Symp. on Physical Design (ISPD)"}
@string{cicc = "Proc. IEEE Custom Integrated Circuits Conference (CICC) "}
@string{iscas = "Proc. IEEE Int. Symp. on Circuits and Systems (ISCAS)"}
@string{islped = "Proc. Int. Symp. on Low Power Electronics and Design (ISLPED)"}
@string{iedm = "IEEE International Electron Devices Meeting (IEDM)"}
@string{mcmc = "Proc. IEEE Multi-Chip Module Conf."}
@string{icvlsi = "International Conference on VLSI Design"}
@string{isca = "Proc. Int. Symp. on Computer Architecture (ISCA)"}
@string{tcad = "IEEE Trans. on Computer-Aided Design of Integrated Circuits and Systems"}
@string{todaes = "ACM Trans. on Design Automation of Electronic Systems"}
@string{taco = "ACM Trans. on Architecture and Code Optimization"}
@string{jssc = "IEEE J. Solid-State Circuits"}
@string{tvlsi = "IEEE Trans. on Very Large Scale Integration (VLSI) Systems"}
@string{tcs = "IEEE Trans. on Circuits and Systems"}
@string{tcasI = "IEEE Trans. on Circuits and Systems I: Regular Papers"}
@string{tmit = "IEEE Trans. on Microwave Theory and Techniques"}
@string{toc = "IEEE Trans. on Computers"}
@string{integration = "Integration, the VLSI Journal"}
@string{tcasII = "IEEE Trans. on Circuits and Systems II: Express Briefs"}
@string{bmas = "Proc. IEEE International Workshop on Behavioral Modeling and Simulation (BMAS)"}
@string{aicsp = "Kluwer International Journal on Analog Integrated Circuits and Signal Processing"}
@string{ieice="IEICE Trans. Fundamentals of Electronics, Communications and Computer Sciences"}
@string{mcmc="IEEE Multi-Chip Module Conference"}
@string{jrssb = "Journal of the Royal Statistical Society. Series B (Methodological)"}
@string{tsp= "IEEE Trans. on Signal Processing"}
@string{glsvlsi = "Proc. IEEE/ACM Int. Great Lakes Symp. on VLSI (GLSVLSI)"}
@string{ieeeproc = "Proc. of the IEEE"}
@string{acc = "Proc. American Control Conf. (ACC)"}
@string{asplos = "Proc. Int. Conf. on Architectural Support for Programming Languages and Operating Systems (ASPLOS)"}
@string{isqed = "Proc. Int. Symp. on Quality Electronic Design (ISQED)"}
@string{hpca = "Proc. IEEE Int. Symp. on High-Performance Computer Architecture (HPCA)"}
@string{acmcomm="Communications of the ACM"}
@string{socc="Proc. IEEE Int. System-on-Chip Conf. (SOCC)"}
@string{icsict="Proc. Int. Conf. on Solid-State and Integrated Circuit Technology (ICSICT)"}
@string{cdc="Proc. IEEE Conf. on Decision and Control (CDC)"}
@string{codes="Proc. Int. conf. on Hardware/software codesign and system synthesis (CODES+ISSS)"}
@string{micro="IEEE MICRO"}
@string{icml="Proc. Int. Conf. on Machine Learning (ICML)"}
@string{cvpr="Proc. IEEE/CVF Conf. on Computer Vision and Pattern Recognition (CVPR)"}
@string{tpds="IEEE Trans. on Parallel and Distributed Systems"}
@string{tii="IEEE Trans. on Industrial Informatics"}
@string{nips="Proc. Conf. on Neural Information Processing Systems (NeurIPS)"}
@string{tpami="IEEE Trans. on Pattern Analysis and Machine Intelligence"}
@string{tnn="IEEE Trans. on Neural Networks"}
@string{tnnls="IEEE Trans. on Neural Networks and Learning Systems"}
@string{neuralcomp="Neural Computation"}
@string{neuralnet="Neural Networks"}
@string{access="IEEE Access"}
@string{iclr="Proc. Int. Conf. on Learning Representations (ICLR)"}
@string{tie="IEEE Trans. on Industrial Electronics"}
@string{fpga="Proc. Int. Symp.  on Field-Programmable Gate Arrays (FPGA)"}
@string{eccv="Proc. of the European Conference on Computer Vision (ECCV)"}


@Book{Goodfellow:Book'16,
	Author={Ian Goodfellow and Yoshua Bengio and Aaron Courville},
	Title={Deep Learning},
	Publisher={The MIT Press},
	Year={2016}
}


@inproceedings{Vaswani:NIPS'17,
  author = {Vaswani, Ashish and Shazeer, Noam and Parmar, Niki and Uszkoreit, Jakob and Jones, Llion and Gomez, Aidan N and Kaiser, {\L}ukasz and Polosukhin, Illia},
  booktitle = nips,
  title = {Attention is All you Need},
  volume={30},
  pages={6000--6010},
  year = {2017},
  month = {December},
  location = {Long Beach, CA, USA},
}

@inproceedings{Vaswani:NIPS'17,
 author = {Vaswani, Ashish and Shazeer, Noam and Parmar, Niki and Uszkoreit, Jakob and Jones, Llion and Gomez, Aidan N and Kaiser, {\L}ukasz and Polosukhin, Illia},
 booktitle = nips,
 title = {Attention is All you Need},
 volume={30},
 pages={6000--6010},
 year = {2017},
 month = {December},
 location = {Long Beach, CA, USA},
}


@article{Radford:openAI'18,
  title={Improving language understanding by generative pre-training},
  author={Radford, Alec and Narasimhan, Karthik and Salimans, Tim and Sutskever, Ilya and others},
  year={2018},
  journal={OpenAI},
  volume={1},
  number={12},
  pages={1--12}
}

@article{Radford:openAI'19,
  title={Language models are unsupervised multitask learners},
  author={Radford, Alec and Wu, Jeffrey and Child, Rewon and Luan, David and Amodei, Dario and Sutskever, Ilya and others},
  journal={OpenAI},
  volume={1},
  number={8},
  pages={9},
  year={2019}
}

@techreport{openAI:23,
  title={GPT-4 Technical Report},
  author={OpenAI},
  journal={arXiv preprint arXiv:2303.08774},
  institution={OpenAI},
  year={2023}
}

@ARTICLE{Cong:DTC'11,
  author={Cong, Jason and Sarkar, Vivek and Reinman, Glenn and Bui, Alex},
  journal={IEEE Design and Test of Computers}, 
  title={Customizable Domain-Specific Computing}, 
  year={2011},
  volume={28},
  number={2},
  pages={6--15},
}

@article{Hennessy:com'19,
  title={A new golden age for computer architecture},
  author={Hennessy, John L and Patterson, David A},
  journal=acmcom,
  volume={62},
  number={2},
  pages={48--60},
  year={2019},
  publisher={ACM New York, NY, USA}
}

@article{Chen:com'16,
  title = {DianNao Family: Energy-Efficient Hardware Accelerators for Machine Learning},
  author = {Chen, Yunji and Chen, Tianshi and Xu, Zhiwei and Sun, Ninghui and Temam, Olivier},
  journal={Communications of the ACM},
  volume={59},
  number={11},
  pages={105--112},
  year={2016},
  month={oct}
}

@inproceedings{Zhang:FPGA'15,
	author = {Zhang, Chen and Li, Peng and Sun, Guangyu and Guan, Yijin and Xiao, Bingjun and Cong, Jason},
	title = {Optimizing FPGA-Based Accelerator Design for Deep Convolutional Neural Networks},
	year = {2015},
	booktitle = fpga,
	pages = {161–170},
	location = {Monterey, California, USA}
}

@article{Hornik:tnn'89,
  title = {Multilayer Feedforward Networks are Universal Approximators},
  author = {Kurt Hornik and Maxwell Stinchcombe and Halbert White},
  journal = tnn,
  volume = {2},
  number = {5},
  pages = {359--366},
  year = {1989},
  month = {March}
}

@book{Hennessy:Book'17,
  title = {Computer Architecture: A Quantitative Approach},
  author = {John Hennessy and David Patterson},
  year = {2017},
  publisher = {Elsevier}
}

@article{Bengio1994b,
  title = {Learning long-term dependencies with gradient descent is difficult},
  author = {Y. Bengio and P. Simard and P. Frasconi},
  journal = tnn,
  volume = {5},
  number = {2},
  pages = {157--166},
  year = {1994},
  month = {March}
}

@article{Hochreiter:master'91,
	title = {Untersuchungen zu dynamischen neuronalen Netzen}
	author = {Hochreiter, Sepp},
	journal = {Master's thesis, Institut fur Informatik, Technische Universitat, Munchen},
	volume = {1},
	pages = {1--150},
	year = {1991},
	month = {April},

}

@inproceedings{Barret:ICLR'16,
	title={Neural Architecture Search with Reinforcement Learning},
	author={Barret Zoph and Quoc Le},
	booktitle=iclr,
	year={2016},
	month={April}
}

@inproceedings{Zoph:CVPR'18,
	title={Learning Transferable Architectures for Scalable Image Recognition}, 
 	author={Zoph, Barret and Vasudevan, Vijay and Shlens, Jonathon and Le, Quoc V.},
 	booktitle=cvpr, 
  	pages={8697--8710},
	year={2018},
	month={June}
}

@article{Andrew:arXiv'17,
  title={{MobileNets}: Efficient Convolutional Neural Networks for Mobile Vision Applications},
  author={Andrew G. Howard and Menglong Zhu and Bo Chen and Dmitry Kalenichenko and Weijun Wang and Tobias Weyand and Marco Andreetto and Hartwig Adam},
  journal={arXiv preprint arXiv:1704.04861},
  year={2017}
}
@inproceedings{Sandler:CVPR'18,
  title={MobileNetv2: Inverted residuals and linear bottlenecks},
  author={Sandler, Mark and Howard, Andrew and Zhu, Menglong and Zhmoginov, Andrey and Chen, LiangChieh},
  booktitle=cvpr,
  pages={4510-4520},
  year={2018}
}
@article{Forrest:arXiv'16,
  title={SqueezeNet: AlexNet-level accuracy with 50x fewer parameters and <1MB model size},
  author={Forrest N. Iandola and Matthew W. Moskewicz and Khalid Ashraf and Song Han and William J. Dally and Kurt Keutzer},
  journal={arXiv preprint arXiv:1602.07360},
  year={2016}
}

@inproceedings{Zhang:CVPR'18,
  title={ShuffleNet: An Extremely Efficient Convolutional Neural Network for Mobile Devices}, 
  author={Zhang, Xiangyu and Zhou, Xinyu and Lin, Mengxiao and Sun, Jian},
  booktitle=cvpr,
  pages={6848--6856},
  year={2018},
}


@inproceedings{Jozefowicz:ICML'15,
  title={An empirical exploration of recurrent network architectures},
  author={Jozefowicz, Rafal and Zaremba, Wojciech and Sutskever, Ilya},
  booktitle=icml,
  pages={2342--2350},
  year={2015}
}

@inproceedings{Cho:EMNLP'14,
  author={Kyunghyun Cho and Bart van Merrienboer and {\c{C}}aglar G{\"{u}}l{\c{c}}ehre and Dzmitry Bahdanau and Fethi Bougares and Holger Schwenk and Yoshua Bengio},
  title= {Learning Phrase Representations using {RNN} Encoder-Decoder for Statistica Machine Translation},
  booktitle={Empirical Methods in Natural Language Processing, {EMNLP}},
  pages={1724--1734},
  year={2014},
  month={October}
}

@inproceedings{Zhang:AMACL'18,
    title = {Sentence-State {LSTM} for Text Representation},
    author = {Zhang, Yue  and Liu, Qi  and Song, Linfeng},
    booktitle = {Annual Meeting of the Association for Computational Linguistics},
    pages = {317--327},
	year = {2018},
	month = {01}
}

@article{Zhou:IJAC'16,
  title={Minimal gated unit for recurrent neural networks},
  author={Zhou, GuoBing and Wu, Jianxin and Zhang, ChenLin and Zhou, ZhiHua},
  journal={International Journal of Automation and Computing},
  volume={13},
  number={3},
  pages={226--234},
  year={2016}
}

@article{Van:arXiv'18,
  title={The unreasonable effectiveness of the forget gate},
  author={Van Der Westhuizen, Jos and Lasenby, Joan},
  journal={arXiv preprint arXiv:1804.04849},
  year={2018}
}


@inproceedings{Hao:ICLR'17,
	title={Pruning Filters for Efficient ConvNets},
	author={Hao, Li and Asim, Kadav and Igor, Durdanovic and Hanan, Samet and Hans, Peter},
	booktitle=iclr,
	pages={1--13},
	year={2017}
}

@InProceedings{He:ICCV'17,
	author = {He, Yihui and Zhang, Xiangyu and Sun, Jian},
	title = {Channel Pruning for Accelerating Very Deep Neural Networks},
	booktitle = {International Conference on Computer Vision (ICCV)},
	pages = {1398--1406},
	year = {2017},
	month = {October}
}

@inproceedings{Zhuang:NIPS'18,
	title = {Discrimination-Aware Channel Pruning for Deep Neural Networks},
	author = {Zhuang, Zhuangwei and Tan, Mingkui and Zhuang, Bohan and Liu, Jing and Guo, Yong and Wu, Qingyao and Huang, Junzhou and Zhu, Jinhui},
	year = {2018},
	booktitle = nips,
	pages = {883–894},
	location = {Montr\'{e}al, Canada},
}
@article{Anwar:AJETCS'17,
	author = {Anwar, Sajid and Hwang, Kyuyeon and Sung, Wonyong},
	title = {Structured Pruning of Deep Convolutional Neural Networks},
	journal = {ACM Journal on Emerging Technologies in Computing Systems},
	volume = {13},
	pages = {1-18},
	year = {2017},
	month = {02}
}
@inproceedings{He:IJCAI'18,
	author = {He, Yang and Kang, Guoliang and Dong, Xuanyi and Fu, Yanwei and Yang, Yi},
	title = {Soft Filter Pruning for Accelerating Deep Convolutional Neural Networks},
	booktitle = {International Joint Conference on Artificial Intelligence},
	pages = {2234–2240},
	year = {2018},
	location = {Stockholm, Sweden}
}
@inproceedings{Han:NIPS'15,
	title = {Learning both Weights and Connections for Efficient Neural Network},
 	author = {Han, Song and Pool, Jeff and Tran, John and Dally, William},
 	booktitle = nips,
	volume = {1},
	pages = {1135--1143},
 	year = {2015},
	month = {December}
}

@ARTICLE{Karnin:TNN'90,
  title={A simple procedure for pruning back-propagation trained neural networks}, 
  author={Karnin, E.D.},
  journal=tnn,
  volume={1},
  number={2},
  pages={239-242},
  year={1990},
  month={June}
}

@inproceedings{Han:FPGA'17,
	author = {Han, Song and Kang, Junlong and Mao, Huizi and Hu, Yiming and Li, Xin and Li, Yubin and Xie, Dongliang and Luo, Hong and Yao, Song and Wang, Yu and Yang, Huazhong and Dally, William (Bill) J.},
	title = {ESE: Efficient Speech Recognition Engine with Sparse LSTM on FPGA},
	booktitle = fpga,
	pages = {75–84},
	year = {2017},
	month = {February},
	location = {Monterey, CA, USA}
}

@inproceedings{Wang:FPGA'18,
	author = {Wang, Shuo and Li, Zhe and Ding, Caiwen and /Yuan, Bo and Qiu, Qinru and Wang, Yanzhi and Liang, Yun},
	title = {C-LSTM: Enabling Efficient LSTM Using Structured Compression Techniques on FPGAs},
	booktitle = fpga,
	pages = {11–20},
	year = {2018},
	month = {},
	location = {Monterey, CA, USA}
}

@inproceedings{Cao:FPGA'19,
	author = {Cao, Shijie and Zhang, Chen and Yao, Zhuliang and Xiao, Wencong and Nie, Lanshun and Zhan, Dechen and Liu, Yunxin and Wu, Ming and Zhang, Lintao},
	title = {Efficient and Effective Sparse LSTM on FPGA with Bank-Balanced Sparsity},
	booktitle = fpga,
	pages = {63–72},
	year = {2019},
	month = {February},
	location = {Seaside, CA, USA}
}


@article{Luo:PR'20,
  title={Autopruner: An end-to-end trainable filter pruning method for efficient deep model inference},
  author={Luo, JianHao and Wu, Jianxin},
  journal={Pattern Recognition},
  volume={107},
  pages={107461},
  year={2020},
  publisher={Elsevier}
}

@inproceedings{He:ECCV'18,
	author = {He, Yihui and Lin, Ji and Liu, Zhijian and Wang, Hanrui and Li, Li-Jia and Han, Song},
	title = {{AMC}: AutoML for Model Compression and Acceleration on Mobile Devices},
	booktitle = eccv,
	pages = {784–800},
	year = {2018},
	location = {Munich, Germany}
}

@InProceedings{ZhangYang:ECCV'18,
	author = {Zhang, Dongqing and Yang, Jiaolong and Ye, Dongqiangzi and Hua, Gang},
	title = {i{LQ-Nets}: Learned Quantization for Highly Accurate and Compact Deep Neural Networks},
	booktitle = eccv,
	pages = {373-390},
	year = {2018},
	month = {September},
}

@article{Zhou:arXiv'16,
  title={{Dorefa-net}: Training low bitwidth convolutional neural networks with low bitwidth gradients},
  author={Zhou, Shuchang and Wu, Yuxin and Ni, Zekun and Zhou, Xinyu and Wen, He and Zou, Yuheng},
  journal={arXiv preprint arXiv:1606.06160},
  year={2016}
}

@inproceedings{LinZhao:NIPS'17,
	 title = {Towards Accurate Binary Convolutional Neural Network},
	 author = {Lin, Xiaofan and Zhao, Cong and Pan, Wei},
	 booktitle = nips,
	 pages = {344-352},
	 year = {2017},
	 location = {Long Beach, CA, USA}
}
@article{ZhouYao:arXiv'17,
 	 title={Incremental Network Quantization: Towards Lossless CNNs with Low-Precision Weights},
 	 author={Aojun Zhou and Anbang Yao and Yiwen Guo and Lin Xu and Yurong Chen},
	 journal={arXiv preprint arXiv:1702.03044},
 	 year={2017},
}
@inproceedings{Hubara:NIPS'16,
	title = {Binarized Neural Networks},
 	author = {Hubara, Itay and Courbariaux, Matthieu and Soudry, Daniel and El-Yaniv, Ran and Bengio, Yoshua},
 	booktitle = nips,
    pages = {4114–4122},
    volume = {29},
    year = {2016},
	month = {December},
	location = {Barcelona, Spain}
}
@inproceedings{Mohammad:ECCV'16,
    Author = {Mohammad Rastegari and Vicente Ordonez and Joseph Redmon and Ali Farhadi},
    Title = {{XNOR-Net}: ImageNet Classification Using Binary Convolutional Neural Networks},
    Booktitle = eccv,
	pages = {525-542},
    Year = {2016},
	month = {October}
}

@inproceedings{WanShen:ECCV'18,
  title={{TBN}: Convolutional neural network with ternary inputs and binary weights},
  author={Wan, Diwen and Shen, Fumin and Liu, Li and Zhu, Fan and Qin, Jie and Shao, Ling and Shen, Heng Tao},
  booktitle=eccv,
  pages={315--332},
  year={2018}
}

@article{LiLiu:arXiv'16,
  author    = {Fengfu, Li and Bin, Liu},
  title     = {Ternary Weight Networks},
  journal={arXiv preprint arXiv:1605.04711},
  year = {2016}
}


@article{LiangYin:NC'18,
	title = {{FP-BNN}: Binarized neural network on {FPGA}},
	author = {Shuang Liang and Shouyi Yin and Leibo Liu and Wayne Luk and Shaojun Wei},
	journal = {Neurocomputing},
	volume = {275},
	pages = {1072-1086},
	year = {2018},
	month={01}
}

@inproceedings{lowrank,
	title = {Learning-Based Low-Rank Approximations},
	author = {Indyk, Piotr and Vakilian, Ali and Yuan, Yang},
	booktitle = nips,
 	pages = {7402-7412},
 	volume = {32},
 	year = {2019},
	month = {December}
}

@inproceedings{SVD,
  title={Singular value decomposition and neural networks},
  author={Bermeitinger, Bernhard and Hrycej, Tomas and Handschuh, Siegfried},
  booktitle={International Conference on Artificial Neural Networks},
  volume={11728},
  pages={153--164},
  year={2019},
  month={September}
}

@inproceedings{Malik:NIPS'18,
	 title = {{Low-Rank} Tucker Decomposition of Large Tensors Using TensorSketch},
	 author = {Malik, Osman Asif and Becker, Stephen},
	 booktitle = nips,
	 pages = {10117–10127},
	 volume = {31},
	 year = {2018},
	 month = {December},
	 location = {Montr\'{e}al, Canada}
}


@inproceedings{YangDenis:ICML'17,
	title={Tensor-train recurrent neural networks for video classification},
	author={Yinchong Yang and Denis Krompass and Volker Tresp},
	booktitle=icml,
	pages={3891--3900},
	year={2017},
}

@INPROCEEDINGS{MaWang:DASC'21,
  author={Ma, Ruixin and Wang, Chuang and Li, Xin},
  booktitle={Int. Conf. on Dependable, Autonomic and Secure Computing (DASC)}, 
  title={CP Decomposition for Fast training of Bi-LSTM}, 
  pages={244-248},
  year={2021},
  month={October},
  location={AB,Canada}
}

@InProceedings{YeWang:CVPR'18,
	author = {Ye, Jinmian and Wang, Linnan and Li, Guangxi and Chen, Di and Zhe, Shandian and Chu, Xinqi and Xu, Zenglin},
	title = {Learning Compact Recurrent Neural Networks With Block-Term Tensor Decomposition},
	booktitle = cvpr,
	pages = {9378-9387},
	year = {2018},
	month = {June},
}

@InProceedings{Jacob:CVPR'18,
	author = {Jacob, Benoit and Kligys, Skirmantas and Chen, Bo and Zhu, Menglong and Tang, Matthew and Howard, Andrew and Adam, Hartwig and Kalenichenko, Dmitry},
	title = {Quantization and Training of Neural Networks for Efficient {Integer-Arithmetic-Only} Inference},
	booktitle = cvpr,
	pages = {2704-2713},
	month = {June},
	year = {2018}
}

@inproceedings{WangXie:NIPS'18,
	title = {HitNet: Hybrid Ternary Recurrent Neural Network},
 	author = {Wang, Peiqi and Xie, Xinfeng and Deng, Lei and Li, Guoqi and Wang, Dongsheng and Xie, Yuan},
 	booktitle = nips,
 	pages = {602–612},
 	volume = {31},
 	year = {2018},
	month = {Decemeber}
}

@inproceedings{ZhuHan:ICLR'17,
	title={Trained Ternary Quantization},
	author={Chenzhuo Zhu and Song Han and Huizi Mao and William J. Dally},
	booktitle=iclr,
	pages = {1-10},
	year={2017},
	month={April}
}

@ARTICLE{WangWang:JESTCS'19,
  title={E-LSTM: An Efficient Hardware Architecture for Long Short-Term Memory}, 
  author={Wang, Meiqi and Wang, Zhisheng and Lu, Jinming and Lin, Jun and Wang, Zhongfeng},
  journal={IEEE Journal on Emerging and Selected Topics in Circuits and Systems}, 
  volume={9},
  number={2},
  pages={280-291},
  year={2019},
  month={June}
}

@article{Lacey,
  title={Deep Learning on FPGAs: Past, Present, and Future},
  author={Griffin Lacey and Graham W. Taylor and Shawki Areibi},
  journal={arXiv preprint arXiv:1602.04283},
  year={2016}
}


@INPROCEEDINGS{ChangAndre:ISCAS'17,
  title={Hardware accelerators for recurrent neural networks on FPGA}, 
  author={Chang, Andre Xian Ming and Culurciello, Eugenio},
  booktitle=iscas, 
  pages={1-4}
  year={2017}
}


@ARTICLE{WangLong:TNNLS'23,
	author = {Hai Wang and Xingyi Long and Xue-Xin Liu},
	journal = tnnls,
	title = {{fastESN}: Fast Echo State Network},
	year = {2022},
        OPTmonth = {October},
        OPTvolume = {70},
        OPTnumber = {10},
        OPTpages = {1539--1554},
}

@inproceedings{AlexNet,
 	title = {ImageNet Classification with Deep Convolutional Neural Networks},
 	author = {Krizhevsky, Alex and Sutskever, Ilya and Hinton, Geoffrey E},
 	booktitle = nips,
 	pages = {84–90},
 	volume = {25},
 	year = {2012}
}
@INPROCEEDINGS{Markidis:IPDPSW'18,
  title={NVIDIA Tensor Core Programmability, Performance \& Precision}, 
  author={Markidis, Stefano and Chien, Steven Wei Der and Laure, Erwin and Peng, Ivy Bo and Vetter, Jeffrey S.},
  booktitle={IEEE International Parallel and Distributed Processing Symposium Workshops (IPDPSW)}, 
  year={2018},
  pages={522-531}
}


@article{Jouppi:ISCA'17,
	author = {Jouppi, Norman P. and Young, Cliff and Patil, Nishant and Patterson, David and Agrawal, Gaurav and Bajwa, Raminder and Bates, Sarah and Bhatia, Suresh and Boden, Nan and Borchers, Al and Boyle, Rick and Cantin, Pierre-luc and Chao, Clifford and Clark, Chris and Coriell, Jeremy and Daley, Mike and Dau, Matt and Dean, Jeffrey and Gelb, Ben and Ghaemmaghami, Tara Vazir and Gottipati, Rajendra and Gulland, William and Hagmann, Robert and Ho, C. Richard and Hogberg, Doug and Hu, John and Hundt, Robert and Hurt, Dan and Ibarz, Julian and Jaffey, Aaron and Jaworski, Alek and Kaplan, Alexander and Khaitan, Harshit and Killebrew, Daniel and Koch, Andy and Kumar, Naveen and Lacy, Steve and Laudon, James and Law, James and Le, Diemthu and Leary, Chris and Liu, Zhuyuan and Lucke, Kyle and Lundin, Alan and MacKean, Gordon and Maggiore, Adriana and Mahony, Maire and Miller, Kieran and Nagarajan, Rahul and Narayanaswami, Ravi and Ni, Ray and Nix, Kathy and Norrie, Thomas and Omernick, Mark and Penukonda, Narayana and Phelps, Andy and Ross, Jonathan and Ross, Matt and Salek, Amir and Samadiani, Emad and Severn, Chris and Sizikov, Gregory and Snelham, Matthew and Souter, Jed and Steinberg, Dan and Swing, Andy and Tan, Mercedes and Thorson, Gregory and Tian, Bo and Toma, Horia and Tuttle, Erick and Vasudevan, Vijay and Walter, Richard and Wang, Walter and Wilcox, Eric and Yoon, Doe Hyun},
	title = {In-Datacenter Performance Analysis of a Tensor Processing Unit},
	journal = {International Symposium on Computer Architecture},
	year = {2017},
	volume = {45},
	month = {06},
	pages = {1–12}
}



@article{Cudnn,
  author    = {Sharan Chetlur and Cliff Woolley and Philippe Vandermersch and Jonathan Cohen and John Tran and Bryan Catanzaro and Evan Shelhamer},
  title     = {cuDNN: Efficient Primitives for Deep Learning},
  journal   = {CoRR},
  volume    = {1410.0759},
  year      = {2014},
}

@inproceedings{Baldi:UTLW'11,
	title = {Autoencoders, Unsupervised Learning and Deep Architectures},
	author = {Baldi, Pierre},
	booktitle = {Pro. Int. Conf. on Unsupervised and Transfer Learning Workshop},
	volume = {17},
	pages = {37–50},
	year = {2011},
	location = {Washington, USA},
}

@inproceedings{Hasim:PI'15,
  author={Hasim, Sak and Andrew, Senior and Kanishka, Rao and Françoise, Beaufays},
  title={{Fast and accurate recurrent neural network acoustic models for speech recognition}},
  booktitle={Proc. Interspeech},
  pages={1468--1472},
  year={2015}
}
@article{Claudio:NN'18,
	title = {Design of deep echo state networks},
	author = {Claudio, Gallicchio and Alessio, Micheli and Luca,Pedrelli}
	journal = {Neural Networks},
	volume = {108},
	pages = {33-47},
	year = {2018},
}
@article{DEIM,
  title={Nonlinear model reduction via discrete empirical interpolation},
  author={Chaturantabut, Saifon and Sorensen, Danny C},
  journal={SIAM Journal on Scientific Computing},
  volume={32},
  number={5},
  pages={2737--2764},
  year={2010},
  month={June}
}

@book{zhu1973wulixue,
  title = {物理学},
  author = {竺可桢},
  year = {1973},
  address = {北京},
  pages = {56-60},
  publisher = {科学出版社}
}

@thesis{chen2001hao,
  author = {陈念永},
  title = {毫米波细胞生物效应及抗肿瘤研究},
  institution = {电子科技大学},
  year = {2001},
  pages = {50-60},
  address = {成都}
}

@newspaper{gu2012lao,
  author = {顾春},
  title = {牢牢把握稳中求进的总基调},
  journal = {人民日报},
  date = {2012年3月31日}
}

@techreport{feng997he,
  author = {冯西桥},
  title = {核反应堆压力容器的{LBB}分析},
  institution = {清华大学核能技术设计研究院},
  date = {1997年6月25日},
  address = {北京}
}

@patent{xiao2012yi,
  author = {肖珍新},
  title = {一种新型排渣阀调节降温装置},
  date = {2012年4月25日},
  type = {实用新型专利},
  country = {中国},
  id = {ZL201120085830.0}
}

@standard{zhong1994zhong,
  institution = {中华人民共和国国家技术监督局},
  id = {GB3100-3102},
  title = {中华人民共和国国家标准--量与单位},
  publisher = {中国标准出版社},
  date = {1994年11月1日},
  address = {北京}
}

@digital{clerc2010discrete,
  author = {M. Clerc},
  title = {Discrete particle swarm optimization: a fuzzy combinatorial box},
  type = {EB/OL},
  date = {July 16, 2010},
  url = {http://clere.maurice.free.fr/pso/Fuzzy_Discrere_PSO/Fuzzy_DPSO.htm}
}
